@article{Agarwal2004Risksandportfolio,
  title={Risks and portfolio decisions involving hedge funds},
  author={Agarwal Vikas, Naik Narayan Y.},
  year={2014},
  journal={The Review of Financial Studies},
  pages={63--98}
}

@article{AP1999Coherentmeasures,
  title={Coherent measures of risk},
  author={Artzner P, Delbaen F, Eber J M, et al},
  year={1999},
  journal={Mathematical finance},
  pages={203--228}
}

@article{BV1975,
  title={Optimal rules for ordering uncertain prospects},
  author={Vijay S. Bawa},
  year={1975},
  journal={Journal of Financial Economics},
  pages={95--121}
}

@article{HF2006,
  title={On the Impact of Heavy-Tailed Returns to Popular Risk Measures: Evidence from Global Indices},
  author={Harmantzis F, Miao L},
  year={2006}
}
@article{hasannasab2021alternatives,
  title={Alternatives to the \text{EM} algorithm for \text{ML} estimation of location, scatter matrix, and degree of freedom of the student t distribution},
  author={Hasannasab, Marzieh and Hertrich, Johannes and Laus, Friederike and Steidl, Gabriele},
  journal={Numerical Algorithms},
  volume={87},
  number={1},
  pages={77--118},
  year={2021},
  publisher={Springer}
}
@article{MH1991,
  title={Foundations of portfolio theory},
  author={Harry M. Markowitz},
  year={1991},
  journal={The journal of finance},
  pages={469--477}
}
@article{ND1999,
  title={A brief history of downside risk measures},
  author={Nawrocki D N},
  year={1999},
  journal={The Journal of Investing},
  pages={9--25}
}
@book{paolella2019timeseries,
  title={Linear Models and Time-Series Analysis},
  author={Paolella, Marc S},
  year={2019},
  publisher={John Wiley \& Sons}
}
@article{QE2002,
  title={Risk Parity Portfolios: Efficient Portfolios through True Diversification (Investment Insight)},
  author={Edward Qian},
  pages = {to appear},
  year={2005}
}
@article{RR2002,
  title={Conditional value-at-risk for general loss distributions},
  author={Rockafellar R T, Uryasev S},
  year={2002},
  journal={Journal of banking$\And$finance},
  pages={1443--1471}
}
@article{RT2016,
  title={Risk parity portfolios with risk factors},
  author={Roncalli T, Weisang G},
  year={2016},
  journal={Quantitative Finance},
  pages={377--388}
}

@article{TD2002,
  title={Expected shortfall and beyond},
  author={Dirk Tasche},
  year={2002},
  journal={Journal of Banking$\And$Finance},
  pages={1519--1533}
}

